<record><leader>00000cas a22000007a 4500</leader><controlfield tag="001">35302380</controlfield><controlfield tag="008">960826d191u1915okudn n       0    0eng d</controlfield><datafield ind1=" " ind2=" " tag="010"><subfield code="a">sn 96093906 </subfield></datafield><datafield ind1=" " ind2=" " tag="040"><subfield code="a">OBN</subfield><subfield code="b">eng</subfield><subfield code="c">OBN</subfield><subfield code="d">OCLCQ</subfield><subfield code="d">OCLCF</subfield><subfield code="d">OCLCO</subfield></datafield><datafield ind1="1" ind2=" " tag="029"><subfield code="a">AU@</subfield><subfield code="b">000024820090</subfield></datafield><datafield ind1=" " ind2=" " tag="042"><subfield code="a">msc</subfield></datafield><datafield ind1=" " ind2=" " tag="043"><subfield code="a">n-us-ok</subfield></datafield><datafield ind1="0" ind2=" " tag="130"><subfield code="a">Morning sun (Vinita, Okla.)</subfield></datafield><datafield ind1="1" ind2="4" tag="245"><subfield code="a">The morning sun.</subfield></datafield><datafield ind1=" " ind2=" " tag="260"><subfield code="a">Vinita, Okla. :</subfield><subfield code="b">Sun Pub. Co.</subfield></datafield><datafield ind1=" " ind2=" " tag="300"><subfield code="a">v.</subfield></datafield><datafield ind1=" " ind2=" " tag="310"><subfield code="a">Daily (except Sun.)</subfield></datafield><datafield ind1="1" ind2=" " tag="362"><subfield code="a">Ceased in May 1915.</subfield></datafield><datafield ind1=" " ind2=" " tag="588"><subfield code="a">Description based on: Vol. 2, no. 182 (Sep. 1, 1914).</subfield></datafield><datafield ind1=" " ind2="0" tag="651"><subfield code="a">Vinita (Okla.)</subfield><subfield code="v">Newspapers.</subfield></datafield><datafield ind1=" " ind2="0" tag="651"><subfield code="a">Craig County (Okla.)</subfield><subfield code="v">Newspapers.</subfield></datafield><datafield ind1=" " ind2="7" tag="655"><subfield code="a">Newspapers.</subfield><subfield code="2">fast</subfield><subfield code="0">(OCoLC)fst01423814</subfield></datafield><datafield ind1=" " ind2="7" tag="651"><subfield code="a">Oklahoma</subfield><subfield code="z">Craig County.</subfield><subfield code="2">fast</subfield><subfield code="0">(OCoLC)fst01207172</subfield></datafield><datafield ind1=" " ind2="7" tag="651"><subfield code="a">Oklahoma</subfield><subfield code="z">Vinita.</subfield><subfield code="2">fast</subfield><subfield code="0">(OCoLC)fst01220562</subfield></datafield><datafield ind1=" " ind2=" " tag="752"><subfield code="a">United States</subfield><subfield code="b">Oklahoma</subfield><subfield code="c">Craig</subfield><subfield code="d">Vinita.</subfield></datafield><datafield ind1="0" ind2="7" tag="785"><subfield code="t">Vinita evening herald</subfield><subfield code="w">(DLC)sn 96093904</subfield><subfield code="w">(OCoLC)35302319</subfield></datafield><datafield ind1="0" ind2="7" tag="785"><subfield code="t">Vinita evening sun-herald</subfield><subfield code="w">(DLC)sn 96093907</subfield><subfield code="w">(OCoLC)35302453</subfield></datafield></record>